@article{Leek2012,
author = {Leek, Jeffrey T. and Johnson, W. Evan and Parker, Hilary S. and Jaffe, Andrew E. and Storey, John D.},
doi = {10.1093/bioinformatics/bts034},
issn = {1460-2059},
journal = {Bioinformatics},
month = {mar},
number = {6},
pages = {882--883},
title = {{The sva package for removing batch effects and other unwanted variation in high-throughput experiments}},
url = {https://academic.oup.com/bioinformatics/article-lookup/doi/10.1093/bioinformatics/bts034},
volume = {28},
year = {2012}
}
@article{Goh2017,
author = {Goh, Wilson Wen Bin and Wang, Wei and Wong, Limsoon},
doi = {10.1016/j.tibtech.2017.02.012},
issn = {01677799},
journal = {Trends in Biotechnology},
month = {jun},
number = {6},
pages = {498--507},
title = {{Why Batch Effects Matter in Omics Data, and How to Avoid Them}},
url = {https://linkinghub.elsevier.com/retrieve/pii/S0167779917300367},
volume = {35},
year = {2017}
}
@article{Leek2010,
author = {Leek, Jeffrey T. and Scharpf, Robert B. and Bravo, H{\'{e}}ctor Corrada and Simcha, David and Langmead, Benjamin and Johnson, W. Evan and Geman, Donald and Baggerly, Keith and Irizarry, Rafael A.},
doi = {10.1038/nrg2825},
issn = {1471-0056},
journal = {Nature Reviews Genetics},
month = {oct},
number = {10},
pages = {733--739},
title = {{Tackling the widespread and critical impact of batch effects in high-throughput data}},
url = {http://www.nature.com/articles/nrg2825},
volume = {11},
year = {2010}
}
@misc{Meyer2019,
author = {Meyer, David and Dimitriadou, Evgenia and Hornik, Kurt and Weingessel, Andreas and Leisch, Friedrich},
howpublished = {Disponible en: \url{https://CRAN.R-project.org/package=e1071}},
title = {{e1071: Misc Functions of the Department of Statistics, Probability Theory Group (Formerly: E1071), TU Wien}},
year = {2019}
}
@misc{Kuhn2020,
author = {Kuhn, Max},
howpublished = {Disponible en \url{https://CRAN.R-project.org/package=caret}},
title = {{caret: Classification and Regression Training}},
year = {2020}
}
@inproceedings{Boser1992,
address = {New York, New York, USA},
author = {Boser, Bernhard E. and Guyon, Isabelle M. and Vapnik, Vladimir N.},
booktitle = {Proceedings of the fifth annual workshop on Computational learning theory - COLT '92},
doi = {10.1145/130385.130401},
isbn = {089791497X},
pages = {144--152},
publisher = {ACM Press},
title = {{A training algorithm for optimal margin classifiers}},
url = {http://portal.acm.org/citation.cfm?doid=130385.130401},
year = {1992}
}
@incollection{Duan2005,
author = {Duan, Kai-Bo and Keerthi, S. Sathiya},
doi = {10.1007/11494683_28},
pages = {278--285},
title = {{Which Is the Best Multiclass SVM Method? An Empirical Study}},
url = {http://link.springer.com/10.1007/11494683_28},
year = {2005}
}
@techreport{Breiman2002,
author = {Breiman, Leo},
booktitle = {Statistics Department University of California Berkeley},
title = {{Manual on setting up, using, and understanding random forest}},
year = {2002}
}
@inproceedings{Louppe2013,
author = {Louppe, Gilles and Wehenkel, Louis and Sutera, Antonio and Geurts, Pierre},
booktitle = {Proceedings of the 26th International Conference on Neural Information Processing Systems},
pages = {431--439},
title = {{Understanding variable importances in forest of randomized trees}},
year = {2013}
}
@article{Breiman1996,
author = {Breiman, Leo},
doi = {10.1023/A:1018054314350},
journal = {Machine Learning},
pages = {123--140},
title = {{Bagging Predictors}},
volume = {24},
year = {1996}
}
@article{Breiman2001,
author = {Breiman, Leo},
doi = {10.1023/A:1010933404324},
journal = {Machine Learning},
number = {45},
pages = {5--32},
title = {{Random Forest}},
year = {2001}
}
@misc{Kursa2020,
author = {Kursa, Miron B},
howpublished = {Disponible en: \url{https://CRAN.R-project.org/package=praznik}},
title = {{praznik: Tools for Information-Based Feature Selection}},
year = {2020}
}
@inproceedings{Koller1996,
author = {Koller, Daphne and Sahami, Mehran},
booktitle = {ICML},
title = {{Toward Optimal Feature Selection}},
year = {1996}
}
@article{HanchuanPeng2005,
author = {{Hanchuan Peng} and {Fuhui Long} and Ding, C.},
doi = {10.1109/TPAMI.2005.159},
issn = {0162-8828},
journal = {IEEE Transactions on Pattern Analysis and Machine Intelligence},
month = {aug},
number = {8},
pages = {1226--1238},
title = {{Feature selection based on mutual information criteria of max-dependency, max-relevance, and min-redundancy}},
url = {http://ieeexplore.ieee.org/document/1453511/},
volume = {27},
year = {2005}
}
@article{Castillo2019,
author = {Castillo, Daniel and Galvez, Juan Manuel and Herrera, Luis J. and Rojas, Fernando and Valenzuela, Olga and Caba, Octavio and Prados, Jose and Rojas, Ignacio},
doi = {10.1371/journal.pone.0212127},
editor = {Hernandez-Lemus, Enrique},
issn = {1932-6203},
journal = {PLOS ONE},
month = {feb},
number = {2},
pages = {e0212127},
title = {{Leukemia multiclass assessment and classification from Microarray and RNA-seq technologies integration at gene expression level}},
url = {https://dx.plos.org/10.1371/journal.pone.0212127},
volume = {14},
year = {2019}
}
@article{Galvez2020,
author = {Galvez, Juan Manuel and Castillo, Daniel and Herrera, Luis J. and Valenzuela, Olga and Caba, Octavio and Prados, Jose Carlos and Ortuno, Francisco Manuel and Rojas, Ignacio},
doi = {10.1109/JBHI.2019.2953978},
issn = {2168-2194},
journal = {IEEE Journal of Biomedical and Health Informatics},
pages = {1--1},
title = {{Towards Improving Skin Cancer Diagnosis by Integrating Microarray and RNA-seq Datasets}},
url = {https://ieeexplore.ieee.org/document/8939388/},
year = {2020}
}
@misc{Liaw2002,
author = {Liaw, Andy and Wiener, Matthew},
booktitle = {R News},
howpublished = {Disponible en: \url{https://CRAN.R-project.org/doc/Rnews/}},
pages = {18--22},
title = {{Classification and Regression by randomForest}},
year = {2002}
}
@article{Galvez2018,
author = {G{\'{a}}lvez, Juan Manuel and Castillo, Daniel and Herrera, Luis Javier and {San Rom{\'{a}}n}, Bel{\'{e}}n and Valenzuela, Olga and Ortu{\~{n}}o, Francisco Manuel and Rojas, Ignacio},
doi = {10.1371/journal.pone.0196836},
editor = {Provero, Paolo},
issn = {1932-6203},
journal = {PLOS ONE},
month = {may},
number = {5},
pages = {e0196836},
title = {{Multiclass classification for skin cancer profiling based on the integration of heterogeneous gene expression series}},
url = {https://dx.plos.org/10.1371/journal.pone.0196836},
volume = {13},
year = {2018}
}
@incollection{Milward2016,
author = {Milward, E.A. and Shahandeh, A. and Heidari, M. and Johnstone, D.M. and Daneshi, N. and Hondermarck, H.},
booktitle = {Encyclopedia of Cell Biology},
doi = {10.1016/B978-0-12-394447-4.40029-5},
pages = {160--165},
publisher = {Elsevier},
title = {{Transcriptomics}},
url = {https://linkinghub.elsevier.com/retrieve/pii/B9780123944474400295},
year = {2016}
}
@article{Yates1934,
author = {Yates, F.},
doi = {10.2307/2983604},
issn = {14666162},
journal = {Supplement to the Journal of the Royal Statistical Society},
number = {2},
pages = {217},
title = {{Contingency Tables Involving Small Numbers and the $\chi$2 Test}},
url = {https://www.jstor.org/stable/10.2307/2983604?origin=crossref},
volume = {1},
year = {1934}
}
@article{Pearson1900,
author = {Pearson, Karl},
doi = {10.1080/14786440009463897},
issn = {1941-5982},
journal = {The London, Edinburgh, and Dublin Philosophical Magazine and Journal of Science},
month = {jul},
number = {302},
pages = {157--175},
title = {{On the criterion that a given system of deviations from the probable in the case of a correlated system of variables is such that it can be reasonably supposed to have arisen from random sampling}},
url = {https://www.tandfonline.com/doi/full/10.1080/14786440009463897},
volume = {50},
year = {1900}
}
@article{Tadist2019,
author = {Tadist, Khawla and Najah, Said and Nikolov, Nikola S. and Mrabti, Fatiha and Zahi, Azeddine},
doi = {10.1186/s40537-019-0241-0},
issn = {2196-1115},
journal = {Journal of Big Data},
month = {dec},
number = {1},
pages = {79},
title = {{Feature selection methods and genomic big data: a systematic review}},
url = {https://journalofbigdata.springeropen.com/articles/10.1186/s40537-019-0241-0},
volume = {6},
year = {2019}
}
@book{Schmidt2019,
author = {Schmidt, Thomas M.},
edition = {4th Editio},
isbn = {9780128117378},
pages = {3199},
publisher = {Academic Press},
title = {{Encyclopedia of Microbiology}},
year = {2019}
}
@article{He2016,
author = {He, Dan and Rish, Irina and Haws, David and Parida, Laxmi},
doi = {10.1109/TCBB.2015.2448071},
issn = {1545-5963},
journal = {IEEE/ACM Transactions on Computational Biology and Bioinformatics},
month = {may},
number = {3},
pages = {578--583},
title = {{MINT: Mutual Information Based Transductive Feature Selection for Genetic Trait Prediction}},
url = {https://ieeexplore.ieee.org/document/7130582/},
volume = {13},
year = {2016}
}
@book{Bellman1961,
author = {Bellman, Richard},
editor = {Press, Princeton University},
pages = {255},
title = {{Adaptive Control Processes: A Guided Tour}},
year = {1961}
}
@book{Bellman1957,
author = {Bellman, Richard},
editor = {{Princeton University Press}},
isbn = {9780691079516},
pages = {342},
title = {{Dynamic Programming}},
year = {1957}
}
@misc{OpenTargets2020,
author = {{Open Targets}},
howpublished = {Disponible en: \url{https://www.targetvalidation.org} [Consultado 07/07/2020]},
title = {{Target Validation: Open Targets Platform}},
url = {https://www.targetvalidation.org}
}
@article{Yang2013,
author = {Yang, J and Zhu, Z and He, S and Ji, Z},
journal = {IEEE symposium on computational intelligence in bioinformatics and computational biology (CIBCB)},
pages = {246--51},
title = {{Minimal-redundancy-maximal-relevance feature selection using different relevance measures for omics data classification}},
year = {2013}
}
@article{Ding2005,
author = {Ding, Chris and Peng, Hanchuan},
journal = {Journal of Bioinformatics and Computational Biology},
number = {2},
pages = {185--205},
title = {{Minimum Redundancy Feature Selection from microarray gene expression data}},
volume = {3},
year = {2005}
}
@article{Allemani2018,
author = {Allemani, Claudia and Matsuda, Tomohiro and {Di Carlo}, Veronica and Harewood, Rhea and Matz, Melissa and Nik{\v{s}}i{\'{c}}, Maja and Bonaventure, Audrey and Valkov, Mikhail and Johnson, Christopher J and Est{\`{e}}ve, Jacques and Ogunbiyi, Olufemi J and {Azevedo e Silva}, Gulnar and Chen, Wan-Qing and Eser, Sultan and Engholm, Gerda and Stiller, Charles A and Monnereau, Alain and Woods, Ryan R and Visser, Otto and Lim, Gek Hsiang and Aitken, Joanne and Weir, Hannah K and Coleman, Michel P},
doi = {10.1016/S0140-6736(17)33326-3},
issn = {01406736},
journal = {The Lancet},
month = {mar},
number = {10125},
pages = {1023--1075},
title = {{Global surveillance of trends in cancer survival 2000–14 (CONCORD-3): analysis of individual records for 37 513 025 patients diagnosed with one of 18 cancers from 322 population-based registries in 71 countries}},
url = {https://linkinghub.elsevier.com/retrieve/pii/S0140673617333263},
volume = {391},
year = {2018}
}
@misc{Redondo-Sanchez2020,
author = {Redondo-S{\'{a}}nchez, Daniel},
howpublished = {Disponible en: \url{https://github.com/danielredondo/TFM_ciencia_de_datos}.},
title = {{Repositorio GitHub: Epidemiolog{\'{i}}a y detecci{\'{o}}n de biomarcadores en c{\'{a}}ncer}},
url = {https://github.com/danielredondo/TFM_ciencia_de_datos}
}
@misc{NationalCancerInstitutea,
author = {{National Cancer Institute}},
howpublished = {Disponible en: \url{https://www.cancer.gov/about-nci/organization/ccg/research/structural-genomics/tcga} [Consultado 05/07/2020]},
title = {{The Cancer Genome Atlas Program}},
url = {https://www.cancer.gov/about-nci/organization/ccg/research/structural-genomics/tcga}
}
@article{DeAngelis2014,
author = {{De Angelis}, Roberta and Sant, Milena and Coleman, Michel P and Francisci, Silvia and Baili, Paolo and Pierannunzio, Daniela and Trama, Annalisa and Visser, Otto and Brenner, Hermann and Ardanaz, Eva and Bielska-Lasota, Magdalena and Engholm, Gerda and Nennecke, Alice and Siesling, Sabine and Berrino, Franco and Capocaccia, Riccardo},
doi = {10.1016/S1470-2045(13)70546-1},
issn = {14702045},
journal = {The Lancet Oncology},
month = {jan},
number = {1},
pages = {23--34},
title = {{Cancer survival in Europe 1999–2007 by country and age: results of EUROCARE-5—a population-based study}},
url = {https://linkinghub.elsevier.com/retrieve/pii/S1470204513705461},
volume = {15},
year = {2014}
}
@book{Pierce2010,
author = {Pierce, Benjamin A},
edition = {3{\textordfeminine}},
isbn = {978-84-9835-216-0},
publisher = {Editorial M{\'{e}}dica Panamericana},
title = {{Gen{\'{e}}tica: Un enfoque conceptual}},
year = {2010}
}
@misc{WorldHealthOrganization2018,
author = {{World Health Organization}},
howpublished = {Disponible en: \url{https://www.who.int/news-room/fact-sheets/detail/cancer} [Consultado 29/06/2020]},
title = {{Cancer factsheet}},
url = {https://www.who.int/news-room/fact-sheets/detail/cancer},
year = {2018}
}
@article{Zavoral2009,
author = {Zavoral, Miroslav and Suchanek, Stepan and Zavada, Filip and Dusek, Ladislav and Muzik, Jan and Seifert, Bohumil and Fric, Premysl},
doi = {10.3748/wjg.15.5907},
issn = {1007-9327},
journal = {World Journal of Gastroenterology},
number = {47},
pages = {5907},
title = {{Colorectal cancer screening in Europe}},
url = {http://www.wjgnet.com/1007-9327/full/v15/i47/5907.htm},
volume = {15},
year = {2009}
}
@book{Porta2008,
edition = {Fifth Edit},
editor = {Porta, Miquel},
isbn = {9780195314496},
title = {{A Dictonary of Epidemiology}},
year = {2008}
}
@book{MacMahon1970,
author = {MacMahon, B and Pugh, TF},
isbn = {0316542598},
title = {{Epidemiology: Principles and Methods}},
year = {1970}
}
@article{Gordon2013,
author = {Gordon, Randy},
doi = {10.1016/j.soncn.2013.06.002},
issn = {07492081},
journal = {Seminars in Oncology Nursing},
month = {aug},
number = {3},
pages = {160--169},
title = {{Skin Cancer: An Overview of Epidemiology and Risk Factors}},
url = {https://linkinghub.elsevier.com/retrieve/pii/S0749208113000326},
volume = {29},
year = {2013}
}
@article{Madan2010,
author = {Madan, Vishal and Lear, John T and Szeimies, Rolf-Markus},
doi = {10.1016/S0140-6736(09)61196-X},
issn = {01406736},
journal = {The Lancet},
month = {feb},
number = {9715},
pages = {673--685},
title = {{Non-melanoma skin cancer}},
url = {https://linkinghub.elsevier.com/retrieve/pii/S014067360961196X},
volume = {375},
year = {2010}
}
@misc{Guevara2019,
author = {Guevara, Marcela and Molinuevo, Amaia and Salmer{\'{o}}n, Diego and Marcos-Gragera, Rafael and Chirlaque, Mar{\'{i}}a Dolores and Quir{\'{o}}s, Jos{\'{e}} Ram{\'{o}}n and Alem{\'{a}}n, Araceli and Rojas, Dolores and Sabater, Consol and Chico, Matilde and Jim{\'{e}}nez, Rosario and {L{\'{o}}pez de Munain}, Arantza and de Castro, Visitaci{\'{o}}n and S{\'{a}}nchez, Mar{\'{i}}a Jos{\'{e}} and Perucha, Josefina and S{\'{a}}nchez-Contador, Carmen and Galceran, Jaume and Ardanaz, Eva and Larra{\~{n}}aga, Nerea},
howpublished = {Disponible en: \url{https://funca.cat/redecan/redecan.org/es/Informe_Supervivencia_REDECAN_2020.pdf} [Consultado 26/06/2020]},
title = {{Supervivencia de C{\'{a}}ncer en Espa{\~{n}}a, 2002-2013}},
url = {https://funca.cat/redecan/redecan.org/es/Informe_Supervivencia_REDECAN_2020.pdf},
year = {2019}
}
@article{VanVerk2013,
author = {{Van Verk}, Marcel C. and Hickman, Richard and Pieterse, Corn{\'{e}} M.J. and {Van Wees}, Saskia C.M.},
doi = {10.1016/j.tplants.2013.02.001},
issn = {13601385},
journal = {Trends in Plant Science},
month = {apr},
number = {4},
pages = {175--179},
title = {{RNA-Seq: revelation of the messengers}},
url = {https://linkinghub.elsevier.com/retrieve/pii/S1360138513000241},
volume = {18},
year = {2013}
}
@article{Stark2019,
author = {Stark, Rory and Grzelak, Marta and Hadfield, James},
doi = {10.1038/s41576-019-0150-2},
issn = {1471-0056},
journal = {Nature Reviews Genetics},
number = {11},
pages = {631--656},
title = {{RNA sequencing: the teenage years}},
url = {http://www.nature.com/articles/s41576-019-0150-2},
volume = {20},
year = {2019}
}
@article{Lee2008,
author = {Lee, Zne-Jung},
doi = {10.1016/j.artmed.2007.09.004},
issn = {09333657},
journal = {Artificial Intelligence in Medicine},
month = {jan},
number = {1},
pages = {81--93},
title = {{An integrated algorithm for gene selection and classification applied to microarray data of ovarian cancer}},
url = {https://linkinghub.elsevier.com/retrieve/pii/S0933365707001285},
volume = {42},
year = {2008}
}
@article{Maglietta2007,
author = {Maglietta, Rosalia and D'Addabbo, Annarita and Piepoli, Ada and Perri, Francesco and Liuni, Sabino and Pesole, Graziano and Ancona, Nicola},
doi = {10.1016/j.artmed.2006.06.002},
issn = {09333657},
journal = {Artificial Intelligence in Medicine},
month = {may},
number = {1},
pages = {29--44},
title = {{Selection of relevant genes in cancer diagnosis based on their prediction accuracy}},
url = {https://linkinghub.elsevier.com/retrieve/pii/S0933365706000972},
volume = {40},
year = {2007}
}
@misc{R,
address = {Vienna, Austria},
author = {{R Core Team}},
institution = {R Foundation for Statistical Computing},
title = {{R: A Language and Environment for Statistical Computing}},
url = {https://www.r-project.org/},
year = {2020}
}
@article{Xing,
author = {Xing, Eric P and Jordan, Michael I and Karp, Richard M},
title = {{Feature Selection for High-Dimensional Genomic Microarray Data}}
}
@misc{KnowSeq,
annote = {R package version 1.2.0},
author = {Castillo-Secilla, Daniel and Galvez, Juan Manuel and Carrillo-Perez, Francisco and Verona-Almeida, Marta and Ortuno, Francisco Manuel and Herrera, Luis Javier and Rojas., Ignacio},
howpublished = {Disponible en: \url{https://github.com/CasedUgr/KnowSeq}},
title = {{KnowSeq: KnowSeq R/Bioc package: Beyond the traditional Transcriptomic pipeline}},
year = {2020}
}
@phdthesis{CastilloSecilla2020,
author = {{Castillo Secilla}, Daniel},
title = {{Integration of heterogeneous gene expression sources in human cancer pathologies, employing high performance computing and machine learning techniques}},
year = {2020}
}
@article{HerreraMaldonado2020,
author = {Rojas, Ignacio and {Herrera Maldonado}, Luis Javier and {Castillo Secilla}, Daniel},
title = {{Apuntes de la asignatura Biolog{\'{i}}a Computacional con Big Data omics e Ingenier{\'{i}}a Biom{\'{e}}dica. M{\'{a}}ster de Ciencia de Datos e Ingenier{\'{i}}a de Computadores. Universidad de Granada.}},
year = {2020}
}
@article{Gentleman2004,
abstract = {The Bioconductor project is an initiative for the collaborative creation of extensible software for computational biology and bioinformatics. The goals of the project include: fostering collaborative development and widespread use of innovative software, reducing barriers to entry into interdisciplinary scientific research, and promoting the achievement of remote reproducibility of research results. We describe details of our aims and methods, identify current challenges, compare Bioconductor to other open bioinformatics projects, and provide working examples.},
author = {Gentleman, Robert C and Carey, Vincent J and Bates, Douglas M and Bolstad, Ben and Dettling, Marcel and Dudoit, Sandrine and Ellis, Byron and Gautier, Laurent and Ge, Yongchao and Gentry, Jeff and Hornik, Kurt and Hothorn, Torsten and Huber, Wolfgang and Iacus, Stefano and Irizarry, Rafael and Leisch, Friedrich and Li, Cheng and Maechler, Martin and Rossini, Anthony J and Sawitzki, Gunther and Smith, Colin and Smyth, Gordon and Tierney, Luke and Yang, Jean Y H and Zhang, Jianhua},
doi = {10.1186/gb-2004-5-10-r80},
issn = {1474-760X},
journal = {Genome biology},
number = {10},
pages = {R80},
pmid = {15461798},
title = {{Bioconductor: open software development for computational biology and bioinformatics.}},
url = {http://www.ncbi.nlm.nih.gov/pubmed/15461798 http://www.pubmedcentral.nih.gov/articlerender.fcgi?artid=PMC545600},
volume = {5},
year = {2004}
}
@article{Redondo-Sanchez2019,
author = {Redondo-S{\'{a}}nchez, Daniel},
title = {{Modelizaci{\'{o}}n Matem{\'{a}}tica de la Estimaci{\'{o}}n de Incidencia de C{\'{a}}ncer}},
year = {2019}
}
@misc{NationalCancerInstitute,
author = {{National Cancer Institute}},
howpublished = {Disponible en: \url{https://www.cancer.gov} [Consultado 22/06/2020]},
title = {{National Cancer Institute}},
url = {https://www.cancer.gov/}
}
@article{Grossman2016,
author = {Grossman, Robert L. and Heath, Allison P. and Ferretti, Vincent and Varmus, Harold E. and Lowy, Douglas R. and Kibbe, Warren A. and Staudt, Louis M.},
doi = {10.1056/NEJMp1607591},
issn = {0028-4793},
journal = {New England Journal of Medicine},
number = {12},
pages = {1109--1112},
title = {{Toward a Shared Vision for Cancer Genomic Data}},
url = {http://www.nejm.org/doi/10.1056/NEJMp1607591},
volume = {375},
year = {2016}
}
@misc{GDCPortal,
author = {{National Cancer Institute} and {National Institutes of Health}},
howpublished = {Disponible en: \url{https://portal.gdc.cancer.gov/} [Consultado 22/06/2020]},
title = {{GDC Portal}},
url = {https://portal.gdc.cancer.gov/}
}
@article{ECIS2,
author = {Ferlay, J. and Colombet, M. and Soerjomataram, I. and Dyba, T. and Randi, G. and Bettio, M. and Gavin, A. and Visser, O. and Bray, F.},
doi = {10.1016/j.ejca.2018.07.005},
issn = {09598049},
journal = {European Journal of Cancer},
pages = {356--387},
title = {{Cancer incidence and mortality patterns in Europe: Estimates for 40 countries and 25 major cancers in 2018}},
url = {https://linkinghub.elsevier.com/retrieve/pii/S0959804918309559},
volume = {103},
year = {2018}
}
@misc{REDECAN2020,
abstract = {La Red Espa{\~{n}}ola de Registros de C{\'{a}}ncer (REDECAN) ha realizado las estimaciones de la incidencia del c{\'{a}}ncer en Espa{\~{n}}a del a{\~{n}}o 2020. El objetivo de estas estimaciones es actualizar las {\'{u}}ltimas estimaciones de la incidencia del c{\'{a}}ncer que realiz{\'{o}} REDECAN (ver “Estimaciones de la incidencia del c{\'{a}}ncer en Espa{\~{n}}a, 2019").},
author = {{Red Espa{\~{n}}ola de Registros de C{\'{a}}ncer (REDECAN)}},
booktitle = {Red Espa{\~{n}}ola de Registros de C{\'{a}}ncer},
howpublished = {Disponible en: \url{https://funca.cat/redecan/redecan.org/es/Informe_incidencia_REDECAN_2020.pdf} [Consultado 18/06/2020]},
pages = {1--21},
title = {{Estimaciones de la incidencia del c{\'{a}}ncer en Espa{\~{n}}a, 2020}},
url = {https://funca.cat/redecan/redecan.org/es/Informe_incidencia_REDECAN_2020.pdf}
}
@misc{cie10es,
author = {{Ministerio de Sanidad Consumo y Bienestar Social}},
howpublished = {Disponible en: \url{https://eciemaps.mscbs.gob.es/ecieMaps/browser/index_10_mc.html} [Consultado 21/06/2020]},
title = {{Edici{\'{o}}n electr{\'{o}}nica de la CIE-10-ES Diagn{\'{o}}sticos}},
url = {https://eciemaps.mscbs.gob.es/ecieMaps/browser/index_10_mc.html}
}
@misc{GCO,
author = {{International Agency for Research on Cancer} and {World Health Organization}},
howpublished = {Disponible en: \url{https://gco.iarc.fr/today/home} [Consultado 21/06/2020]},
title = {{Global Cancer Observatory, Cancer Today}},
url = {https://gco.iarc.fr/today/home}
}
@book{WorldHealthOrganization2020,
author = {{World Health Organization}},
file = {:Users/daniel/Library/Application Support/Mendeley Desktop/Downloaded/World Health Organization - 2020 - World Cancer Report. Cancer research for cancer prevention.pdf:pdf;:Users/daniel/Library/Application Support/Mendeley Desktop/Downloaded/World Health Organization - 2020 - World Cancer Report. Cancer research for cancer prevention(2).pdf:pdf;:Users/daniel/Library/Application Support/Mendeley Desktop/Downloaded/World Health Organization - 2020 - World Cancer Report. Cancer research for cancer prevention(3).pdf:pdf;:Users/daniel/Library/Application Support/Mendeley Desktop/Downloaded/World Health Organization - 2020 - World Cancer Report. Cancer research for cancer prevention(4).pdf:pdf;:Users/daniel/Library/Application Support/Mendeley Desktop/Downloaded/World Health Organization - 2020 - World Cancer Report. Cancer research for cancer prevention(5).pdf:pdf;:Users/daniel/Library/Application Support/Mendeley Desktop/Downloaded/World Health Organization - 2020 - World Cancer Report. Cancer research for cancer prevention(6).pdf:pdf;:Users/daniel/Library/Application Support/Mendeley Desktop/Downloaded/World Health Organization - 2020 - World Cancer Report. Cancer research for cancer prevention(7).pdf:pdf;:Users/daniel/Library/Application Support/Mendeley Desktop/Downloaded/World Health Organization - 2020 - World Cancer Report. Cancer research for cancer prevention(8).pdf:pdf},
isbn = {9789283204473},
title = {{World Cancer Report. Cancer research for cancer prevention.}},
url = {https://www.iarc.fr/cards_page/world-cancer-report/},
year = {2020}
}
@book{Azzouz2020,
abstract = {The large intestine, also known as the colon, is part of the digestive tract. The digestive tract includes the mouth, esophagus, stomach, small intestine, large intestine, and rectum. The large intestine is approximately 5 feet long, making up one-fifth of the length of the gastrointestinal (GI) tract. The large intestine is responsible for processing indigestible food material (chyme) after most nutrients are absorbed in the small intestine. The large intestine is composed of 4 parts. It includes the cecum and ascending colon, transverse colon, descending colon, and sigmoid colon. The large intestine performs an essential role by absorbing water, vitamins, and electrolytes from waste material.[1][2][3][4]},
author = {Azzouz, Laura L. and Sharma, Sandeep},
booktitle = {StatPearls},
pmid = {29939634},
title = {{Physiology, Large Intestine}},
url = {http://www.ncbi.nlm.nih.gov/pubmed/29939634},
year = {2020}
}
@article{Levin2008,
author = {Levin, B. and Lieberman, D. A. and McFarland, B. and Smith, R. A. and Brooks, D. and Andrews, K. S. and Dash, C. and Giardiello, F. M. and Glick, S. and Levin, T. R. and Pickhardt, P. and Rex, D. K. and Thorson, A. and Winawer, S. J.},
doi = {10.3322/CA.2007.0018},
issn = {0007-9235},
journal = {CA: A Cancer Journal for Clinicians},
number = {3},
pages = {130--160},
title = {{Screening and Surveillance for the Early Detection of Colorectal Cancer and Adenomatous Polyps, 2008: A Joint Guideline from the American Cancer Society, the US Multi-Society Task Force on Colorectal Cancer, and the American College of Radiology}},
url = {http://doi.wiley.com/10.3322/CA.2007.0018},
volume = {58},
year = {2008}
}
@misc{AmericanCancerSociety2020,
author = {{American Cancer Society}},
howpublished = {Disponible en: \url{https://www.cancer.org/cancer/colon-rectal-cancer/causes-risks-prevention/risk-factors.html} [Consultado 20/06/2020]},
title = {{Colorectal Cancer Risk Factors}}
}
@article{Lynch2003,
author = {Lynch, Henry T. and de la Chapelle, Albert},
doi = {10.1056/NEJMra012242},
editor = {Guttmacher, Alan E. and Collins, Francis S.},
issn = {0028-4793},
journal = {New England Journal of Medicine},
number = {10},
pages = {919--932},
title = {{Hereditary Colorectal Cancer}},
url = {http://www.nejm.org/doi/10.1056/NEJMra012242},
volume = {348},
year = {2003}
}
@book{WorldHealthOrganization2014,
abstract = {This book from the International Agency for Research on Cancer, the specialized cancer agency of the World Health Organization, provides a unique global view of cancer, including cancer patterns, causes, and prevention. The World Cancer Report series is recognized as an authoritative source of global perspective and information on cancer. The first volume appeared in 2003 and the second in 2008. This third volume in the series encompasses both established knowledge and recent research achievement.World Cancer Report provides a professional, multidisciplinary assessment of all aspects of the geographical distribution, biology, etiology, prevention, and control of cancer, predicated on research. The concise nature of the text and the high graphic content (hundreds of colour maps, diagrams, and photographs) make the publication accessible to a broad readership. World Cancer Report is designed to provide non-specialist health professionals and policy-makers with a balanced understanding of cancer control and to provide established cancer professionals with insights about recent development.The book includes chapters in which distinguished scientists from around the world provide a broad overview of established knowledge and then emphasize research activity and progress. In addition, text boxes distributed throughout the book provide short, in-depth discussions of selected questions or topics. A new feature of this volume is the inclusion of Perspectives considering the future development of different aspects of cancer research, written by those whose record of outstanding achievement qualifies them as individuals having unique vision.},
author = {{World Health Organization}},
doi = {10.3945/an.116.012211},
file = {:Users/daniel/Library/Application Support/Mendeley Desktop/Downloaded/World Health Organization - 2014 - World Cancer Report 2014.pdf:pdf},
issn = {2161-8313},
pmid = {26980827},
title = {{World Cancer Report 2014}},
year = {2014}
}
@article{Trefts2017,
author = {Trefts, Elijah and Gannon, Maureen and Wasserman, David H.},
doi = {10.1016/j.cub.2017.09.019},
issn = {09609822},
journal = {Current Biology},
number = {21},
pages = {R1147--R1151},
title = {{The liver}},
url = {https://linkinghub.elsevier.com/retrieve/pii/S0960982217311831},
volume = {27},
year = {2017}
}
@misc{AmericanCancerSociety2019,
author = {{American Cancer Society}},
booktitle = {https://www.cancer.org/cancer/liver-cancer/causes-risks-prevention/risk-factors.html},
howpublished = {Disponible en: \url{https://www.cancer.org/cancer/liver-cancer/causes-risks-prevention/risk-factors.html} [Consultado 18/06/2020]},
title = {{Liver Cancer Risk Factors}},
url = {https://www.cancer.org/cancer/liver-cancer/causes-risks-prevention/risk-factors.html},
year = {2019}
}
@article{Marrero2005,
author = {Marrero, Jorge A. and Fontana, Robert J. and Fu, Sherry and Conjeevaram, Hari S. and Su, Grace L. and Lok, Anna S.},
doi = {10.1016/j.jhep.2004.10.005},
issn = {01688278},
journal = {Journal of Hepatology},
number = {2},
pages = {218--224},
title = {{Alcohol, tobacco and obesity are synergistic risk factors for hepatocellular carcinoma}},
url = {https://linkinghub.elsevier.com/retrieve/pii/S0168827804004647},
volume = {42},
year = {2005}
}
@article{Migliore2012,
author = {Migliore, Lucia and Copped{\`{e}}, Fabio},
doi = {10.1016/S1383-5742(02)00046-7},
file = {:Users/daniel/Library/Application Support/Mendeley Desktop/Downloaded/Migliore, Copped{\`{e}} - 2012 - Genetic and environmental factors in cancer pathogenesis.pdf:pdf},
isbn = {9781451153231},
journal = {Mutation Research},
keywords = {carcinogenesis,causative genes,environmental factors,neurodegeneration,susceptibility factors},
pages = {135--153},
title = {{Genetic and environmental factors in cancer pathogenesis}},
volume = {512},
year = {2012}
}
@article{Abdel-Misih2010,
author = {Abdel-Misih, Sherif R. Z. and Bloomston, Mark},
doi = {10.1016/j.suc.2010.04.017},
issn = {00396109},
journal = {Surgical Clinics of North America},
number = {4},
pages = {643--653},
title = {{Liver Anatomy}},
url = {https://linkinghub.elsevier.com/retrieve/pii/S0039610910000526},
volume = {90},
year = {2010}
}
@misc{AmericanCancerSociety2015,
author = {{American Cancer Society}},
howpublished = {Disponible en: \url{https://www.cancer.org/cancer/cancer-basics/what-is-cancer.html} [Consultado 18/06/2020]},
title = {{What is Cancer?}},
url = {https://www.cancer.org/cancer/cancer-basics/what-is-cancer.html}
}
@book{ICD10,
author = {{World Health Organization (WHO)}},
title = {{ICD-10: International Statistical Classification of diseases and related health problems: 10th revision}},
year = {1990}
}
@misc{MSCBS,
author = {{Ministerio de Sanidad Consumo y Bienestar Social}},
howpublished = {Disponible en: \url{https://pestadistico.inteligenciadegestion.mscbs.es/} [Consultado 21/06/2020]},
title = {{Estad{\'{i}}sticas de defunciones seg{\'{u}}n la causa de muerte}},
url = {https://pestadistico.inteligenciadegestion.mscbs.es/}
}
@book{IARC1995,
author = {IARC},
isbn = {92 832 0403 4},
title = {{Registros de C{\'{a}}ncer: Principios y M{\'{e}}todos}},
year = {1995}
}
@misc{INEpob,
author = {{Instituto Nacional de Estad{\'{i}}stica (INE)}},
howpublished = {Disponible en: \url{http://ine.es/} [Consultado 21/06/2020]},
title = {{Estad{\'{i}}sticas de cifras de poblaci{\'{o}}n}},
url = {http://ine.es/}
}
@misc{ECIS,
author = {{European Comission}},
booktitle = {https://ecis.jrc.ec.europa.eu},
howpublished = {Disponible en: \url{https://ecis.jrc.ec.europa.eu} [Consultado 21/06/2020]},
title = {{ECIS - European Cancer Information System}},
url = {https://ecis.jrc.ec.europa.eu}
}
@article{Bray2018,
author = {Bray, Freddie and Ferlay, Jacques and Soerjomataram, Isabelle and Siegel, Rebecca L. and Torre, Lindsey A. and Jemal, Ahmedin},
doi = {10.3322/caac.21492},
issn = {00079235},
journal = {CA: A Cancer Journal for Clinicians},
number = {6},
pages = {394--424},
title = {{Global cancer statistics 2018: GLOBOCAN estimates of incidence and mortality worldwide for 36 cancers in 185 countries}},
url = {http://doi.wiley.com/10.3322/caac.21492},
volume = {68},
year = {2018}
}
@book{IARC1999,
author = {Silva, Isabel dos Santos},
pages = {441},
publisher = {International Agency for Research on Cancer, World Health Organization},
title = {{Cancer Epidemiology: Principles and Methods}},
year = {1999}
}
@article{SegiM.1960,
author = {{Segi M.}},
journal = {Sendai, Japan: Department of Public Health, Tohoku University of Medicine.},
title = {{Cancer mortality for selected sites in 24 countries (1950–57)}},
year = {1960}
}
@article{Waterhouse1976,
author = {Waterhouse, JAH and Muir, CS and Correa, P and Powell, J},
journal = {Lyon: IARC},
pages = {3:456},
title = {{Cancer incidence in five continents, Volume III.}},
year = {1976}
}
@article{Doll1966,
author = {{Doll R, Payne P}, Waterhouse PAH},
journal = {Geneva: Union Internationale Contre le Cancer.},
title = {{Cancer incidence in five continents, Volume I.}},
year = {1966}
}
@techreport{EUROSTAT2013,
address = {Luxembourg: European Union.},
author = {EUROSTAT},
title = {{Revision of the European standard population: Report of the Eurostat's task force.}},
year = {2013}
}
@article{InternationalAgencyforResearchonCancer2019,
author = {{International Agency for Research on Cancer}},
title = {{Agents classified by the IARC Monographs}},
url = {https://monographs.iarc.fr/list-of-classifications-volumes/},
volume = {1-123},
year = {2019}
}
@article{Cogliano2011,
author = {Cogliano, V. J. and Baan, R. and Straif, K. and Grosse, Y. and Lauby-Secretan, B. and {El Ghissassi}, F. and Bouvard, V. and Benbrahim-Tallaa, L. and Guha, N. and Freeman, C. and Galichet, L. and Wild, C. P.},
doi = {10.1093/jnci/djr483},
issn = {0027-8874},
journal = {JNCI Journal of the National Cancer Institute},
number = {24},
pages = {1827--1839},
title = {{Preventable Exposures Associated With Human Cancers}},
url = {https://academic.oup.com/jnci/article-lookup/doi/10.1093/jnci/djr483},
volume = {103},
year = {2011}
}
@misc{NationalCancerInstitute2015,
author = {{National Cancer Institute}},
howpublished = {Disponible en: \url{https://www.cancer.gov/about-cancer/understanding/what-is-cancer} [Consultado 18/06/2020]},
title = {{What is Cancer?}},
url = {https://www.cancer.gov/about-cancer/understanding/what-is-cancer}
}
@article{Altman1992,
author = {Altman, N. S.},
doi = {10.1080/00031305.1992.10475879},
issn = {0003-1305},
journal = {The American Statistician},
month = {aug},
number = {3},
pages = {175--185},
title = {{An Introduction to Kernel and Nearest-Neighbor Nonparametric Regression}},
url = {http://www.tandfonline.com/doi/abs/10.1080/00031305.1992.10475879},
volume = {46},
year = {1992}
}
@article{Hu2016,
author = {Hu, Li-Yu and Huang, Min-Wei and Ke, Shih-Wen and Tsai, Chih-Fong},
doi = {10.1186/s40064-016-2941-7},
issn = {2193-1801},
journal = {SpringerPlus},
month = {dec},
number = {1},
pages = {1304},
title = {{The distance function effect on k-nearest neighbor classification for medical datasets}},
url = {http://springerplus.springeropen.com/articles/10.1186/s40064-016-2941-7},
volume = {5},
year = {2016}
}
